<?xml version="1.0" encoding="UTF-8"?><collection xmlns="http://www.loc.gov/MARC21/slim"><record><leader>00536nam--2200169-i-4500</leader><controlfield tag="001">000001877</controlfield><controlfield tag="002">20161230</controlfield><controlfield tag="005">20170116004157</controlfield><controlfield tag="008">060222s1000------------r-----000-0-eng-d</controlfield><datafield ind1=" " ind2=" " tag="080"><subfield code="a">539.1.07</subfield></datafield><datafield ind1=" " ind2=" " tag="100"><subfield code="a">Franz, Kurt</subfield></datafield><datafield ind1=" " ind2=" " tag="245"><subfield code="a">Intergrador para registros en escala logaritmica de las curvasde desintegracion de substancians radioactivas</subfield></datafield><datafield ind1=" " ind2=" " tag="260"><subfield code="a">Buenos Aires</subfield><subfield code="b">Commisin Nacional De La Energia Atomica</subfield><subfield code="c">1955</subfield></datafield><datafield ind1=" " ind2=" " tag="300"><subfield code="a">14 p. + 1 Fig</subfield></datafield><datafield ind1=" " ind2=" " tag="490"><subfield code="a">Publicaciones Serie Fisica</subfield></datafield><datafield ind1=" " ind2=" " tag="852"><subfield code="a">19780</subfield></datafield><datafield ind1=" " ind2=" " tag="CAT"><subfield code="a">SYS</subfield><subfield code="c">20170116</subfield><subfield code="h">004157</subfield></datafield></record></collection>